<?xml version="1.0" encoding="UTF-8"?><collection xmlns="http://www.loc.gov/MARC21/slim"><record><leader>00459nam--2200145-i-4500</leader><controlfield tag="001">000033849</controlfield><controlfield tag="002">20161230</controlfield><controlfield tag="005">20161230201039</controlfield><controlfield tag="008">060222s1000------------r-----000-0-eng-d</controlfield><datafield ind1=" " ind2=" " tag="080"><subfield code="a">658.3.041</subfield></datafield><datafield ind1=" " ind2=" " tag="245"><subfield code="a">Problemes actuels de la recherche em ergonomie. actes du iv-e congres d`ergonomie de langue francaise, marseille 1966</subfield></datafield><datafield ind1=" " ind2=" " tag="260"><subfield code="a">Paris, Dunod, 1968, Xxi + 206p</subfield></datafield><datafield ind1=" " ind2=" " tag="490"><subfield code="a">Collection Sciences Du Comportement</subfield></datafield><datafield ind1=" " ind2=" " tag="700"><subfield code="a">Morin, G.S.A</subfield></datafield><datafield ind1=" " ind2=" " tag="852"><subfield code="a">31766</subfield></datafield></record></collection>